<record><leader>00000cas a22000007a 4500</leader><controlfield tag="001">15814694</controlfield><controlfield tag="008">870605d19861990waudn ne      0   a0eng d</controlfield><datafield ind1=" " ind2=" " tag="010"><subfield code="a">sn 87002677 </subfield></datafield><datafield ind1=" " ind2=" " tag="040"><subfield code="a">NSD</subfield><subfield code="b">eng</subfield><subfield code="c">NSD</subfield><subfield code="d">SLZ</subfield><subfield code="d">OCLCQ</subfield></datafield><datafield ind1=" " ind2=" " tag="012"><subfield code="l">1</subfield><subfield code="m">x</subfield></datafield><datafield ind1="1" ind2=" " tag="022"><subfield code="a">0894-1629</subfield><subfield code="l">0894-1629</subfield><subfield code="y">0744-7337</subfield><subfield code="2">1</subfield></datafield><datafield ind1=" " ind2=" " tag="037"><subfield code="b">Valley Newspapers, P.O. Box 130, Kent WA 98032</subfield></datafield><datafield ind1=" " ind2=" " tag="042"><subfield code="a">nsdp</subfield></datafield><datafield ind1="0" ind2=" " tag="130"><subfield code="a">Valley daily news (Renton record chronicle ed.)</subfield></datafield><datafield ind1=" " ind2="0" tag="222"><subfield code="a">Valley daily news</subfield><subfield code="b">(Renton record chronicle ed.)</subfield></datafield><datafield ind1="0" ind2="0" tag="245"><subfield code="a">Valley daily news.</subfield></datafield><datafield ind1=" " ind2=" " tag="250"><subfield code="a">Renton record chronicle ed.</subfield></datafield><datafield ind1=" " ind2=" " tag="260"><subfield code="a">Kent, WA :</subfield><subfield code="b">Valley Newspapers,</subfield></datafield><datafield ind1=" " ind2=" " tag="300"><subfield code="a">v.</subfield></datafield><datafield ind1=" " ind2=" " tag="310"><subfield code="a">Daily (except Saturday)</subfield></datafield><datafield ind1="0" ind2=" " tag="362"><subfield code="a">Vol. 62, no. 235 (Wednesday, Oct. 1, 1986)-v. 66, no. 156 (July 1, 1990).</subfield></datafield><datafield ind1=" " ind2=" " tag="580"><subfield code="a">Merged with: Valley daily news (Kent news journal ed.) and Valley daily news (Auburn globe news ed.) to form: Valley daily news (Bellevue, Wash. : 1990).</subfield></datafield><datafield ind1=" " ind2=" " tag="752"><subfield code="a">United States</subfield><subfield code="b">Washington</subfield><subfield code="c">King</subfield><subfield code="d">Kent.</subfield></datafield><datafield ind1=" " ind2=" " tag="752"><subfield code="a">United States</subfield><subfield code="b">Washington</subfield><subfield code="c">King</subfield><subfield code="d">Renton.</subfield></datafield><datafield ind1="0" ind2="0" tag="780"><subfield code="t">Daily record chronicle</subfield><subfield code="x">0744-7329</subfield><subfield code="w">(DLC)sn 82004663</subfield></datafield><datafield ind1="1" ind2="7" tag="785"><subfield code="t">Valley daily news (Kent news journal ed.)</subfield><subfield code="w">(DLC)sn 87002679</subfield></datafield><datafield ind1="1" ind2="7" tag="785"><subfield code="t">Valley daily news (Auburn globe news ed.)</subfield><subfield code="w">(DLC)sn 87002678</subfield></datafield><datafield ind1="1" ind2="7" tag="785"><subfield code="t">Valley daily news (Bellevue, Wash. : 1990)</subfield><subfield code="w">(DLC)sn 90099768</subfield></datafield><datafield ind1=" " ind2=" " tag="936"><subfield code="a">Vol. 62, no. 243 (Friday, Oct. 10, 1986)</subfield></datafield></record>